<?xml version="1.0" encoding="UTF-8"?>
<record xmlns="http://www.loc.gov/MARC21/slim">
   <leader>01042cam a2200265 a 4500</leader>
   <controlfield tag="001">1027627</controlfield>
   <controlfield tag="003">NjP</controlfield>
   <controlfield tag="005">20171027100046.0</controlfield>
   <controlfield tag="008">951215s1989    ir       b    000 0 ara d</controlfield>
   <datafield tag="024" ind1="7" ind2=" ">
      <subfield code="a">princeton_aco004692</subfield>
      <subfield code="2">local</subfield>
   </datafield>
   <datafield ind1=" " ind2=" " tag="035">
      <subfield code="a">(OCoLC)34094838</subfield>
   </datafield>
   <datafield ind1=" " ind2=" " tag="035">
      <subfield code="a">(CStRLIN)NJPG95-B79034</subfield>
   </datafield>
   <datafield ind1=" " ind2=" " tag="035">
      <subfield code="9">CCA2009TS</subfield>
   </datafield>
   <datafield ind1=" " ind2=" " tag="040">
      <subfield code="a">NjP</subfield>
      <subfield code="c">NjP</subfield>
   </datafield>
   <datafield ind1=" " ind2=" " tag="043">
      <subfield code="a">f------</subfield>
      <subfield code="a">a------</subfield>
   </datafield>
   <datafield ind1="0" ind2="3" tag="245">
      <subfield code="a">al-Ṭifl :</subfield>
      <subfield code="b">nushūʾuhu wa-tarbiyatuh /</subfield>
      <subfield code="c">[al-taʾlīf wa-al-tanẓīm: Qism al-Aṭfāl wa-al-Nāshiʾīn li-Muʾassasat al-Biʻthah]</subfield>
   </datafield>
   <datafield ind1=" " ind2=" " tag="250">
      <subfield code="a">al-Ṭabʻah 1.</subfield>
   </datafield>
   <datafield ind1=" " ind2=" " tag="260">
      <subfield code="a">Ṭihrān :</subfield>
      <subfield code="b">al-Qism,</subfield>
      <subfield code="c">1410 [1989 or 1990]</subfield>
   </datafield>
   <datafield ind1=" " ind2=" " tag="300">
      <subfield code="a">390 p. ;</subfield>
      <subfield code="c">25 cm.</subfield>
   </datafield>
   <datafield ind1=" " ind2=" " tag="504">
      <subfield code="a">Includes bibliographical references.</subfield>
   </datafield>
   <datafield ind1=" " ind2="0" tag="650">
      <subfield code="a">Child development</subfield>
      <subfield code="z">Islamic countries.</subfield>
   </datafield>
   <datafield ind1=" " ind2="0" tag="650">
      <subfield code="a">Child psychology</subfield>
      <subfield code="z">Islamic countries.</subfield>
   </datafield>
   <datafield ind1=" " ind2="0" tag="650">
      <subfield code="a">Children</subfield>
      <subfield code="z">Islamic countries.</subfield>
   </datafield>
   <datafield ind1="2" ind2=" " tag="710">
      <subfield code="a">Bunyād-i Biʻs̲at.</subfield>
      <subfield code="b">Vāḥid-i Kūdakān va Nawjavānān.</subfield>
      <subfield code="0">http://id.loc.gov/authorities/names/nr93048340</subfield>
   </datafield>
   <datafield ind1=" " ind2=" " tag="998">
      <subfield code="a">01/16/96</subfield>
      <subfield code="s">9114</subfield>
      <subfield code="n">NjP</subfield>
      <subfield code="w">NJPG95B79034</subfield>
      <subfield code="d">12/15/95</subfield>
      <subfield code="c">AAH</subfield>
      <subfield code="b">JYN</subfield>
      <subfield code="i">960116</subfield>
      <subfield code="l">NJPG</subfield>
   </datafield>
   <datafield ind1=" " ind2=" " tag="911">
      <subfield code="a">19960125</subfield>
   </datafield>
   <datafield ind1=" " ind2=" " tag="912">
      <subfield code="a">19970811055501.0</subfield>
   </datafield>
   <datafield ind1="0" ind2="0" tag="852">
      <subfield code="0">1186557</subfield>
      <subfield code="b">rcppa</subfield>
      <subfield code="t">1</subfield>
      <subfield code="h">LB1115</subfield>
      <subfield code="i">.T545 1989</subfield>
      <subfield code="x">tr fr arab</subfield>
   </datafield>
   <datafield ind1=" " ind2=" " tag="959">
      <subfield code="a">2000-06-13 00:00:00 -0500</subfield>
   </datafield>
</record>
